%% This BibTeX bibliography file was created using BibDesk.
%% http://bibdesk.sourceforge.net/

%% Created for Patrick Reinke at 2017-11-13 13:54:10 +0100 


%% Saved with string encoding Unicode (UTF-8) 



@misc{dns,
	Author = {Hetzner Online GmbH},
	Date-Added = {2017-11-13 12:46:58 +0000},
	Date-Modified = {2017-11-13 12:49:40 +0000},
	Howpublished = {\url{https://wiki.hetzner.de/index.php/DNS-Reverse-DNS}},
	Title = {DNS-Reverse-DNS}}

@misc{owncloud:install,
	Author = {ownCloud},
	Date-Added = {2017-10-31 16:13:28 +0000},
	Date-Modified = {2017-10-31 16:14:23 +0000},
	Howpublished = {\url{https://doc.owncloud.org/server/latest/admin_manual/installation/source_installation.html}},
	Title = {Manual Installation on Linux}}

@misc{owncloud:features,
	Date-Added = {2017-10-26 16:30:08 +0000},
	Date-Modified = {2017-10-26 16:30:52 +0000},
	Howpublished = {\url{https://owncloud.org/features/}},
	Title = {ownCloud Features}}

@misc{owncloud:history,
	Date-Added = {2017-10-26 16:11:52 +0000},
	Date-Modified = {2017-10-26 16:12:43 +0000},
	Howpublished = {\url{https://owncloud.org/history/}},
	Title = {ownCloud History Timeline}}

@article{owncloud:heise,
	Author = {Matthias Grote},
	Date-Added = {2017-10-26 15:34:11 +0000},
	Date-Modified = {2017-10-26 15:35:49 +0000},
	Journal = {heise},
	Title = {ownCloud},
	Year = {2017}}

@misc{owncloud:github,
	Author = {ownCloud},
	Date-Added = {2017-10-26 15:31:33 +0000},
	Date-Modified = {2017-10-26 15:33:09 +0000},
	Howpublished = {\url{https://github.com/owncloud}},
	Title = {ownCloud}}

@misc{long:2013,
	Author = {Christian Long (https://askubuntu.com/users/94829/christian-long)},
	Date-Added = {2017-10-24 17:22:31 +0000},
	Date-Modified = {2017-10-24 17:25:36 +0000},
	Month = {May},
	Title = {In VirtualBox, how do I set up host-only virtual machines that can access the Internet?},
	Year = {2013}}

@misc{virtualbox:url,
	Author = {Oracle},
	Date-Added = {2017-10-23 15:12:29 +0000},
	Date-Modified = {2017-10-23 15:13:00 +0000},
	Howpublished = {\url{https://www.virtualbox.org/}},
	Lastchecked = {23.10.2017},
	Title = {Oracle VirtualBox},
	Bdsk-Url-1 = {https://www.virtualbox.org/}}

@misc{vmware:url,
	Author = {VMware},
	Date-Added = {2017-10-23 15:07:38 +0000},
	Date-Modified = {2017-10-23 15:11:34 +0000},
	Howpublished = {\url{https://www.vmware.com/products/workstation-pro.html}},
	Lastchecked = {23.10.2017},
	Title = {VMware},
	Bdsk-Url-1 = {https://www.vmware.com/products/workstation-pro.html}}

@article{myrhang:2014,
	Author = {William Myrhang},
	Date-Added = {2017-10-22 17:08:47 +0000},
	Date-Modified = {2017-10-22 17:10:50 +0000},
	Journal = {Official blog of VMware Workstation},
	Month = {December},
	Title = {VMware Workstation 11 and Player 7 Pro Now Available WorldWide!},
	Year = {2014}}
